<record><leader>00000cas a2200000 a 4500</leader><controlfield tag="001">40907167</controlfield><controlfield tag="008">990305d198619uumiuwr n       0    0eng c</controlfield><datafield ind1=" " ind2=" " tag="010"><subfield code="a">sn 99065380 </subfield></datafield><datafield ind1=" " ind2=" " tag="040"><subfield code="a">MHN</subfield><subfield code="b">eng</subfield><subfield code="c">MHN</subfield><subfield code="d">OCL</subfield><subfield code="d">OCLCQ</subfield><subfield code="d">OCLCO</subfield></datafield><datafield ind1="1" ind2=" " tag="029"><subfield code="a">AU@</subfield><subfield code="b">000020041888</subfield></datafield><datafield ind1=" " ind2=" " tag="042"><subfield code="a">pcc</subfield></datafield><datafield ind1=" " ind2=" " tag="043"><subfield code="a">n-us-mi</subfield></datafield><datafield ind1="0" ind2="0" tag="245"><subfield code="a">River Valley news-shopper.</subfield></datafield><datafield ind1="3" ind2=" " tag="246"><subfield code="a">River Valley shopper</subfield><subfield code="b">Aug. 1, 1988-</subfield></datafield><datafield ind1=" " ind2=" " tag="260"><subfield code="a">Howard City, Mich. :</subfield><subfield code="b">Conine Pub. Co.</subfield></datafield><datafield ind1=" " ind2=" " tag="300"><subfield code="a">v.</subfield></datafield><datafield ind1=" " ind2=" " tag="310"><subfield code="a">Weekly</subfield></datafield><datafield ind1="1" ind2=" " tag="362"><subfield code="a">Began in Oct. 1986.</subfield><subfield code="z">Cf. Its, July 11, 1988.</subfield></datafield><datafield ind1=" " ind2=" " tag="500"><subfield code="a">Numbering dropped Aug. 1, 1988, Published thereafter as a weekly shopping guide only.</subfield></datafield><datafield ind1=" " ind2=" " tag="580"><subfield code="a">Absorbed: Record (Howard City, Mich.)?</subfield></datafield><datafield ind1=" " ind2=" " tag="588"><subfield code="a">Description based on: Vol. 2, no. 8 (Jan. 4, 1988).</subfield></datafield><datafield ind1=" " ind2="0" tag="651"><subfield code="a">Cedar Springs (Mich.)</subfield><subfield code="v">Newspapers.</subfield></datafield><datafield ind1=" " ind2="0" tag="651"><subfield code="a">Sand Lake (Mich.)</subfield><subfield code="v">Newspapers.</subfield></datafield><datafield ind1=" " ind2="0" tag="651"><subfield code="a">Howard City (Mich.)</subfield><subfield code="v">Newspapers.</subfield></datafield><datafield ind1=" " ind2="0" tag="651"><subfield code="a">Montcalm County (Mich.)</subfield><subfield code="v">Newspapers.</subfield></datafield><datafield ind1=" " ind2=" " tag="752"><subfield code="a">United States</subfield><subfield code="b">Michigan</subfield><subfield code="c">Montcalm</subfield><subfield code="d">Howard City.</subfield></datafield><datafield ind1="1" ind2="5" tag="780"><subfield code="t">Record (Howard City, Mich.)</subfield><subfield code="w">(DLC)sn 96077043</subfield><subfield code="w">(OCoLC)35394904</subfield></datafield></record>